@inproceedings{abercrombie-batista-navarro-2020,
	author        = {Abercrombie, Gavin  and Batista-Navarro, Riza},
	title         = {{P}arl{V}ote: A Corpus for Sentiment Analysis of Political Debates},
	year          = 2020,
	editor        = {Calzolari, Nicoletta  and B{\'e}chet, Fr{\'e}d{\'e}ric  and Blache, Philippe  and Choukri, Khalid  and Cieri, Christopher  and Declerck, Thierry  and Goggi, Sara  and Isahara, Hitoshi  and Maegaard, Bente  and Mariani, Joseph  and Mazo, H{\'e}l{\`e}ne  and Moreno, Asuncion  and Odijk, Jan  and Piperidis, Stelios},
	booktitle     = {Proceedings of the Twelfth Language Resources and Evaluation Conference},
	month         = may,
	address       = {Marseille, France},
	publisher     = {European Language Resources Association},
	url           = {https://aclanthology.org/2020.lrec-1.624},
	pages         = {5073--5078},
	language      = {English},
	isbn          = {979-10-95546-34-4}
}
@article{amoore2024,
	author        = {Amoore, Louise and Campolo, Alexander and Jacobsen, Benjamin and Rella, Ludovico},
	title         = {A world model: On the political logics of generative AI},
	year          = 2024,
	doi           = {10.1016/j.polgeo.2024.103134},
	eissn         = {1873-5096},
	issn          = {0962-6298},
	journal       = {Political Geography},
	publicationstatus = {Published},
	publisher     = {Elsevier},
	url           = {https://durham-repository.worktribe.com/output/2467333},
	volume        = 113
}
@article{athey-imbens2019,
	author        = {Athey, Susan and Imbens, Guido W.},
	title         = {Machine Learning Methods That Economists Should Know About},
	year          = 2019,
	journal       = {Annual Review of Economics},
	volume        = 11,
	month         = aug,
	number        = 1,
	pages         = {685--725},
	doi           = {10.1146/annurev-economics-080217-053433},
	url           = {https://www.annualreviews.org/content/journals/10.1146/annurev-economics-080217-053433},
	publisher     = {Annual Reviews},
	issn          = {1941-1391},
	type          = {Journal Article}
}
@article{bail2024,
	author        = {Christopher A. Bail},
	title         = {Can Generative AI improve social science?},
	year          = 2024,
	volume        = 121,
	issn          = {1091-6490},
	url           = {http://dx.doi.org/10.1073/pnas.2314021121},
	doi           = {10.1073/pnas.2314021121},
	number        = 21,
	journal       = {Proceedings of the National Academy of Sciences},
	publisher     = {Proceedings of the National Academy of Sciences},
	month         = may
}
@misc{bang2024,
	author        = {Yejin Bang and Delong Chen and Nayeon Lee and Pascale Fung},
	title         = {Measuring Political Bias in Large Language Models: What Is Said and How It Is Said},
	year          = 2024,
	eprint        = {2403.18932},
	archiveprefix = {arXiv},
	primaryclass  = {cs.CL},
	url           = {https://arxiv.org/abs/2403.18932}
}
@misc{buscemi-proverbio2024,
	author        = {Alessio Buscemi and Daniele Proverbio},
	title         = {Large Language Models' Detection of Political Orientation in Newspapers},
	year          = 2024,
	eprint        = {2406.00018},
	archiveprefix = {arXiv},
	primaryclass  = {cs.CL},
	url           = {https://arxiv.org/abs/2406.00018}
}
@misc{chalkidis-brandl2024,
	author        = {Ilias Chalkidis and Stephanie Brandl},
	title         = {Llama meets EU: Investigating the European Political Spectrum through the Lens of LLMs},
	year          = 2024,
	eprint        = {2403.13592},
	archiveprefix = {arXiv},
	primaryclass  = {cs.CL},
	url           = {https://arxiv.org/abs/2403.13592}
}
@misc{chalkidis2024,
	author        = {Ilias Chalkidis},
	title         = {Investigating LLMs as Voting Assistants via Contextual Augmentation: A Case Study on the European Parliament Elections 2024},
	year          = 2024,
	doi           = {10.48550/arxiv.2407.08495},
	url           = {https://arxiv.org/abs/2407.08495},
	publisher     = {arXiv},
	copyright     = {arXiv.org perpetual, non-exclusive license}
}
@article{chiarello2024,
	author        = {Filippo Chiarello and Vito Giordano and Irene Spada and Simone Barandoni and Gualtiero Fantoni},
	title         = {Future applications of generative large language models: A data-driven case study on ChatGPT},
	year          = 2024,
	volume        = 133,
	issn          = {0166-4972},
	url           = {http://dx.doi.org/10.1016/j.technovation.2024.103002},
	doi           = {10.1016/j.technovation.2024.103002},
	journal       = {Technovation},
	publisher     = {Elsevier BV},
	month         = may,
	pages         = 103002
}
@article{deslegte2024,
	author        = {Jef {de Slegte} and Filip {Van Droogenbroeck} and Bram Spruyt and Sam Verboven and Vincent Ginis},
	title         = {The Use of Machine Learning Methods in Political Science: An In-Depth Literature Review},
	year          = 2024,
	issn          = {1478-9302},
	url           = {http://dx.doi.org/10.1177/14789299241265084},
	doi           = {10.1177/14789299241265084},
	journal       = {Political Studies Review},
	publisher     = {SAGE Publications},
	month         = jul
}
@article{grimmer2021,
	author        = {Grimmer, Justin and Roberts, Margaret E. and Stewart, Brandon M.},
	title         = {Machine Learning for Social Science: An Agnostic Approach},
	year          = 2021,
	journal       = {Annual Review of Political Science},
	volume        = 24,
	month         = may,
	number        = {Volume 24, 2021},
	pages         = {395--419},
	doi           = {https://doi.org/10.1146/annurev-polisci-053119-015921},
	url           = {https://www.annualreviews.org/content/journals/10.1146/annurev-polisci-053119-015921},
	publisher     = {Annual Reviews},
	issn          = {1545-1577},
	type          = {Journal Article}
}
@article{hackenburg-margetts2024,
	author        = {Kobi Hackenburg and Helen Margetts},
	title         = {Evaluating the persuasive influence of political microtargeting with large language models},
	year          = 2024,
	volume        = 121,
	issn          = {1091-6490},
	url           = {http://dx.doi.org/10.1073/pnas.2403116121},
	doi           = {10.1073/pnas.2403116121},
	number        = 24,
	journal       = {Proceedings of the National Academy of Sciences},
	publisher     = {Proceedings of the National Academy of Sciences},
	month         = jun
}
@misc{halterman-keith2024,
	author        = {Andrew Halterman and Katherine A. Keith},
	title         = {Codebook LLMs: Adapting Political Science Codebooks for LLM Use and Adapting LLMs to Follow Codebooks},
	year          = 2024,
	eprint        = {2407.10747},
	archiveprefix = {arXiv},
	primaryclass  = {cs.CL},
	url           = {https://arxiv.org/abs/2407.10747}
}
@misc{kato2024,
	author        = {Ken Kato and Annabelle Purnomo and Christopher Cochrane and Raeid Saqur},
	title         = {L(u)PIN: LLM-based Political Ideology Nowcasting},
	year          = 2024,
	eprint        = {2405.07320},
	archiveprefix = {arXiv},
	primaryclass  = {cs.CL},
	url           = {https://arxiv.org/abs/2405.07320}
}
@article{kirkizh2024,
	author        = {Nora Kirkizh, Roberto Ulloa, Sebastian Stier and J\"{u}rgen Pfeffer},
	title         = {Predicting political attitudes from web tracking data: a machine learning approach},
	year          = 2024,
	journal       = {Journal of Information Technology \& Politics},
	volume        = {0},
	number        = {0},
	pages         = {1--14},
	publisher     = {Routledge},
	doi           = {10.1080/19331681.2024.2316679},
	url           = {https://doi.org/10.1080/19331681.2024.2316679},
	eprint        = {https://doi.org/10.1080/19331681.2024.2316679}
}
@article{laver-shepsle1990,
	author        = {Laver, Michael and Shepsle, Kenneth A.},
	title         = {Coalitions and Cabinet Government},
	year          = 1990,
	volume        = 84,
	doi           = {10.2307/1962770},
	number        = 3,
	journal       = {American Political Science Review},
	pages         = {873–890}
}
@misc{lemens-gallego2024,
	author        = {Ga\"{e}l Le Mens and Aina Gallego},
	title         = {Positioning Political Texts with Large Language Models by Asking and Averaging},
	year          = 2024,
	eprint        = {2311.16639},
	archiveprefix = {arXiv},
	primaryclass  = {cs.CL},
	url           = {https://arxiv.org/abs/2311.16639}
}
@article{linegar2023,
	author        = {Linegar, Mitchell  and Kocielnik, Rafal  and Alvarez, R. Michael},
	title         = {Large language models and political science},
	year          = 2023,
	journal       = {Frontiers in Political Science},
	volume        = 5,
	url           = {https://www.frontiersin.org/journals/political-science/articles/10.3389/fpos.2023.1257092},
	doi           = {10.3389/fpos.2023.1257092},
	issn          = {2673-3145}
}
@article{mehlhaff2024,
	author        = {Isaac D. Mehlhaff},
	title         = {A Group-Based Approach to Measuring Polarization},
	year          = 2024,
	volume        = 118,
	issn          = {1537-5943},
	url           = {http://dx.doi.org/10.1017/S0003055423001041},
	doi           = {10.1017/s0003055423001041},
	number        = 3,
	journal       = {American Political Science Review},
	publisher     = {Cambridge University Press (CUP)},
	month         = oct,
	pages         = {1518–1526}
}
@misc{metaai2023,
	author        = {Hugo Touvron and Thibaut Lavril and Gautier Izacard and Xavier Martinet and Marie-Anne Lachaux and Timoth{\a'e}e Lacroix and Baptiste Rozi{\a`e}re and Naman Goyal and Eric Hambro and Faisal Azhar and Aurelien Rodriguez and Armand Joulin and Edouard Grave and Guillaume Lample},
	title         = {LLaMA: Open and Efficient Foundation Language Models},
	year          = 2023,
	doi           = {10.48550/arxiv.2302.13971},
	url           = {https://arxiv.org/abs/2302.13971},
	publisher     = {arXiv},
	copyright     = {Creative Commons Attribution 4.0 International}
}
@misc{metaai2024,
	author        = {Abhimanyu Dubey and Abhinav Jauhri and Abhinav Pandey and Abhishek Kadian and Ahmad Al-Dahle and Aiesha Letman and Akhil Mathur and Alan Schelten and Amy Yang and Angela Fan and Anirudh Goyal and Anthony Hartshorn and Aobo Yang and Archi Mitra and Archie Sravankumar and Artem Korenev and Arthur Hinsvark and Arun Rao and Aston Zhang and Aurelien Rodriguez and Austen Gregerson and Ava Spataru and Baptiste Roziere and Bethany Biron and Binh Tang and Bobbie Chern and Charlotte Caucheteux and Chaya Nayak and Chloe Bi and Chris Marra and Chris McConnell and Christian Keller and Christophe Touret and Chunyang Wu and Corinne Wong and Cristian Canton Ferrer and Cyrus Nikolaidis and Damien Allonsius and Daniel Song and Danielle Pintz and Danny Livshits and David Esiobu and Dhruv Choudhary and Dhruv Mahajan and Diego Garcia-Olano and Diego Perino and Dieuwke Hupkes and Egor Lakomkin and Ehab AlBadawy and Elina Lobanova and Emily Dinan and Eric Michael Smith and Filip Radenovic and Frank Zhang and Gabriel Synnaeve and Gabrielle Lee and Georgia Lewis Anderson and Graeme Nail and Gregoire Mialon and Guan Pang and Guillem Cucurell and Hailey Nguyen and Hannah Korevaar and Hu Xu and Hugo Touvron and Iliyan Zarov and Imanol Arrieta Ibarra and Isabel Kloumann and Ishan Misra and Ivan Evtimov and Jade Copet and Jaewon Lee and Jan Geffert and Jana Vranes and Jason Park and Jay Mahadeokar and Jeet Shah and Jelmer {van der Linde} and Jennifer Billock and Jenny Hong and Jenya Lee and Jeremy Fu and Jianfeng Chi and Jianyu Huang and Jiawen Liu and Jie Wang and Jiecao Yu and Joanna Bitton and Joe Spisak and Jongsoo Park and Joseph Rocca and Joshua Johnstun and Joshua Saxe and Junteng Jia and Kalyan Vasuden Alwala and Kartikeya Upasani and Kate Plawiak and Ke Li and Kenneth Heafield and Kevin Stone and Khalid El-Arini and Krithika Iyer and Kshitiz Malik and Kuenley Chiu and Kunal Bhalla and Lauren Rantala-Yeary and Laurens {van der Maaten} and Lawrence Chen and Liang Tan and Liz Jenkins and Louis Martin and Lovish Madaan and Lubo Malo and Lukas Blecher and Lukas Landzaat and Luke {de Oliveira} and Madeline Muzzi and Mahesh Pasupuleti and Mannat Singh and Manohar Paluri and Marcin Kardas and Mathew Oldham and Mathieu Rita and Maya Pavlova and Melanie Kambadur and Mike Lewis and Min Si and Mitesh Kumar Singh and Mona Hassan and Naman Goyal and Narjes Torabi and Nikolay Bashlykov and Nikolay Bogoychev and Niladri Chatterji and Olivier Duchenne and Onur {\c C}elebi and Patrick Alrassy and Pengchuan Zhang and Pengwei Li and Petar Vasic and Peter Weng and Prajjwal Bhargava and Pratik Dubal and Praveen Krishnan and Punit Singh Koura and Puxin Xu and Qing He and Qingxiao Dong and Ragavan Srinivasan and Raj Ganapathy and Ramon Calderer and Ricardo Silveira Cabral and Robert Stojnic and Roberta Raileanu and Rohit Girdhar and Rohit Patel and Romain Sauvestre and Ronnie Polidoro and Roshan Sumbaly and Ross Taylor and Ruan Silva and Rui Hou and Rui Wang and Saghar Hosseini and Sahana Chennabasappa and Sanjay Singh and Sean Bell and Seohyun Sonia Kim and Sergey Edunov and Shaoliang Nie and Sharan Narang and Sharath Raparthy and Sheng Shen and Shengye Wan and Shruti Bhosale and Shun Zhang and Simon Vandenhende and Soumya Batra and Spencer Whitman and Sten Sootla and Stephane Collot and Suchin Gururangan and Sydney Borodinsky and Tamar Herman and Tara Fowler and Tarek Sheasha and Thomas Georgiou and Thomas Scialom and Tobias Speckbacher and Todor Mihaylov and Tong Xiao and Ujjwal Karn and Vedanuj Goswami and Vibhor Gupta and Vignesh Ramanathan and Viktor Kerkez and Vincent Gonguet and Virginie Do and Vish Vogeti and Vladan Petrovic and Weiwei Chu and Wenhan Xiong and Wenyin Fu and Whitney Meers and Xavier Martinet and Xiaodong Wang and Xiaoqing Ellen Tan and Xinfeng Xie and Xuchao Jia and Xuewei Wang and Yaelle Goldschlag and Yashesh Gaur and Yasmine Babaei and Yi Wen and Yiwen Song and Yuchen Zhang and Yue Li and Yuning Mao and Zacharie Delpierre Coudert and Zheng Yan and Zhengxing Chen and Zoe Papakipos and Aaditya Singh and Aaron Grattafiori and Abha Jain and Adam Kelsey and Adam Shajnfeld and Adithya Gangidi and Adolfo Victoria and Ahuva Goldstand and Ajay Menon and Ajay Sharma and Alex Boesenberg and Alex Vaughan and Alexei Baevski and Allie Feinstein and Amanda Kallet and Amit Sangani and Anam Yunus and Andrei Lupu and Andres Alvarado and Andrew Caples and Andrew Gu and Andrew Ho and Andrew Poulton and Andrew Ryan and Ankit Ramchandani and Annie Franco and Aparajita Saraf and Arkabandhu Chowdhury and Ashley Gabriel and Ashwin Bharambe and Assaf Eisenman and Azadeh Yazdan and Beau James and Ben Maurer and Benjamin Leonhardi and Bernie Huang and Beth Loyd and Beto {De Paola} and Bhargavi Paranjape and Bing Liu and Bo Wu and Boyu Ni and Braden Hancock and Bram Wasti and Brandon Spence and Brani Stojkovic and Brian Gamido and Britt Montalvo and Carl Parker and Carly Burton and Catalina Mejia and Changhan Wang and Changkyu Kim and Chao Zhou and Chester Hu and Ching-Hsiang Chu and Chris Cai and Chris Tindal and Christoph Feichtenhofer and Damon Civin and Dana Beaty and Daniel Kreymer and Daniel Li and Danny Wyatt and David Adkins and David Xu and Davide Testuggine and Delia David and Devi Parikh and Diana Liskovich and Didem Foss and Dingkang Wang and Duc Le and Dustin Holland and Edward Dowling and Eissa Jamil and Elaine Montgomery and Eleonora Presani and Emily Hahn and Emily Wood and Erik Brinkman and Esteban Arcaute and Evan Dunbar and Evan Smothers and Fei Sun and Felix Kreuk and Feng Tian and Firat Ozgenel and Francesco Caggioni and Francisco Guzm{\a'a}n and Frank Kanayet and Frank Seide and Gabriela Medina Florez and Gabriella Schwarz and Gada Badeer and Georgia Swee and Gil Halpern and Govind Thattai and Grant Herman and Grigory Sizov and {Guangyi} and {Zhang} and Guna Lakshminarayanan and Hamid Shojanazeri and Han Zou and Hannah Wang and Hanwen Zha and Haroun Habeeb and Harrison Rudolph and Helen Suk and Henry Aspegren and Hunter Goldman and Ibrahim Damlaj and Igor Molybog and Igor Tufanov and Irina-Elena Veliche and Itai Gat and Jake Weissman and James Geboski and James Kohli and Japhet Asher and Jean-Baptiste Gaya and Jeff Marcus and Jeff Tang and Jennifer Chan and Jenny Zhen and Jeremy Reizenstein and Jeremy Teboul and Jessica Zhong and Jian Jin and Jingyi Yang and Joe Cummings and Jon Carvill and Jon Shepard and Jonathan McPhie and Jonathan Torres and Josh Ginsburg and Junjie Wang and Kai Wu and Kam Hou U and Karan Saxena and Karthik Prasad and Kartikay Khandelwal and Katayoun Zand and Kathy Matosich and Kaushik Veeraraghavan and Kelly Michelena and Keqian Li and Kun Huang and Kunal Chawla and Kushal Lakhotia and Kyle Huang and Lailin Chen and Lakshya Garg and Lavender A and Leandro Silva and Lee Bell and Lei Zhang and Liangpeng Guo and Licheng Yu and Liron Moshkovich and Luca Wehrstedt and Madian Khabsa and Manav Avalani and Manish Bhatt and Maria Tsimpoukelli and Martynas Mankus and Matan Hasson and Matthew Lennie and Matthias Reso and Maxim Groshev and Maxim Naumov and Maya Lathi and Meghan Keneally and Michael L. Seltzer and Michal Valko and Michelle Restrepo and Mihir Patel and Mik Vyatskov and Mikayel Samvelyan and Mike Clark and Mike Macey and Mike Wang and Miquel Jubert Hermoso and Mo Metanat and Mohammad Rastegari and Munish Bansal and Nandhini Santhanam and Natascha Parks and Natasha White and Navyata Bawa and Nayan Singhal and Nick Egebo and Nicolas Usunier and Nikolay Pavlovich Laptev and Ning Dong and Ning Zhang and Norman Cheng and Oleg Chernoguz and Olivia Hart and Omkar Salpekar and Ozlem Kalinli and Parkin Kent and Parth Parekh and Paul Saab and Pavan Balaji and Pedro Rittner and Philip Bontrager and Pierre Roux and Piotr Dollar and Polina Zvyagina and Prashant Ratanchandani and Pritish Yuvraj and Qian Liang and Rachad Alao and Rachel Rodriguez and Rafi Ayub and Raghotham Murthy and Raghu Nayani and Rahul Mitra and Raymond Li and Rebekkah Hogan and Robin Battey and Rocky Wang and Rohan Maheswari and Russ Howes and Ruty Rinott and Sai Jayesh Bondu and Samyak Datta and Sara Chugh and Sara Hunt and Sargun Dhillon and Sasha Sidorov and Satadru Pan and Saurabh Verma and Seiji Yamamoto and Sharadh Ramaswamy and Shaun Lindsay and Shaun Lindsay and Sheng Feng and Shenghao Lin and Shengxin Cindy Zha and Shiva Shankar and Shuqiang Zhang and Shuqiang Zhang and Sinong Wang and Sneha Agarwal and Soji Sajuyigbe and Soumith Chintala and Stephanie Max and Stephen Chen and Steve Kehoe and Steve Satterfield and Sudarshan Govindaprasad and Sumit Gupta and Sungmin Cho and Sunny Virk and Suraj Subramanian and Sy Choudhury and Sydney Goldman and Tal Remez and Tamar Glaser and Tamara Best and Thilo Kohler and Thomas Robinson and Tianhe Li and Tianjun Zhang and Tim Matthews and Timothy Chou and Tzook Shaked and Varun Vontimitta and Victoria Ajayi and Victoria Montanez and Vijai Mohan and Vinay Satish Kumar and Vishal Mangla and V{\a'\i}tor Albiero and Vlad Ionescu and Vlad Poenaru and Vlad Tiberiu Mihailescu and Vladimir Ivanov and Wei Li and Wenchen Wang and Wenwen Jiang and Wes Bouaziz and Will Constable and Xiaocheng Tang and Xiaofang Wang and Xiaojian Wu and Xiaolan Wang and Xide Xia and Xilun Wu and Xinbo Gao and Yanjun Chen and Ye Hu and Ye Jia and Ye Qi and Yenda Li and Yilin Zhang and Ying Zhang and Yossi Adi and Youngjin Nam and {Yu} and {Wang} and Yuchen Hao and Yundi Qian and Yuzi He and Zach Rait and Zachary DeVito and Zef Rosnbrick and Zhaoduo Wen and Zhenyu Yang and Zhiwei Zhao},
	title         = {The Llama 3 Herd of Models},
	year          = 2024,
	doi           = {10.48550/arxiv.2407.21783},
	url           = {https://arxiv.org/abs/2407.21783},
	publisher     = {arXiv},
	copyright     = {arXiv.org perpetual, non-exclusive license}
}
@misc{naveed2024,
	author        = {Humza Naveed and Asad Ullah Khan and Shi Qiu and Muhammad Saqib and Saeed Anwar and Muhammad Usman and Naveed Akhtar and Nick Barnes and Ajmal Mian},
	title         = {A Comprehensive Overview of Large Language Models},
	year          = 2023,
	doi           = {10.48550/arxiv.2307.06435},
	url           = {https://arxiv.org/abs/2307.06435},
	publisher     = {arXiv},
	copyright     = {Creative Commons Attribution 4.0 International}
}
@article{osnabrugge-vannoni2024,
	author        = {Osnabr\"{u}gge, Moritz and Vannoni, Matia},
	title         = {Quality of legislation and compliance: a natural language processing approach},
	year          = 2024,
	doi           = {10.1017/psrm.2024.21},
	journal       = {Political Science Research and Methods},
	pages         = {1–9}
}
@misc{pit2024,
	author        = {Pagnarasmey Pit and Xingjun Ma and Mike Conway and Qingyu Chen and James Bailey and Henry Pit and Putrasmey Keo and Watey Diep and Yu-Gang Jiang},
	title         = {Whose Side Are You On? Investigating the Political Stance of Large Language Models},
	year          = 2024,
	doi           = {10.48550/arxiv.2403.13840},
	url           = {https://arxiv.org/abs/2403.13840},
	publisher     = {arXiv},
	copyright     = {Creative Commons Attribution Non Commercial No Derivatives 4.0 International}
}
@misc{qi2024,
	author        = {Weihong Qi and Hanjia Lyu and Jiebo Luo},
	title         = {Representation Bias in Political Sample Simulations with Large Language Models},
	year          = 2024,
	doi           = {10.48550/arxiv.2407.11409},
	url           = {https://arxiv.org/abs/2407.11409},
	publisher     = {arXiv},
	copyright     = {arXiv.org perpetual, non-exclusive license}
}
@misc{radivojevic2024,
	author        = {Kristina Radivojevic and Nicholas Clark and Paul Brenner},
	title         = {LLMs Among Us: Generative AI Participating in Digital Discourse},
	year          = 2024,
	doi           = {10.48550/arxiv.2402.07940},
	url           = {https://arxiv.org/abs/2402.07940},
	publisher     = {arXiv},
	copyright     = {Creative Commons Attribution Non Commercial No Derivatives 4.0 International}
}
@article{rozado2023,
	author        = {David Rozado},
	title         = {The Political Biases of ChatGPT},
	year          = 2023,
	volume        = 12,
	issn          = {2076-0760},
	url           = {http://dx.doi.org/10.3390/socsci12030148},
	doi           = {10.3390/socsci12030148},
	number        = 3,
	journal       = {Social Sciences},
	publisher     = {Mdpi Ag},
	month         = mar,
	pages         = 148
}
@misc{rozado2024,
	author        = {David Rozado},
	title         = {The Political Preferences of LLMs},
	year          = 2024,
	doi           = {10.48550/arxiv.2402.01789},
	url           = {https://arxiv.org/abs/2402.01789},
	publisher     = {arXiv},
	copyright     = {Creative Commons Attribution 4.0 International}
}
@misc{shi2024,
	author        = {Haizhou Shi and Zihao Xu and Hengyi Wang and Weiyi Qin and Wenyuan Wang and Yibin Wang and Zifeng Wang and Sayna Ebrahimi and Hao Wang},
	title         = {Continual Learning of Large Language Models: A Comprehensive Survey},
	year          = 2024,
	doi           = {10.48550/arxiv.2404.16789},
	url           = {https://arxiv.org/abs/2404.16789},
	publisher     = {arXiv},
	copyright     = {arXiv.org perpetual, non-exclusive license}
}
@misc{tornberg2023,
	author        = {Petter T{\"o}rnberg},
	title         = {How to use LLMs for Text Analysis},
	year          = 2023,
	doi           = {10.48550/arxiv.2307.13106},
	url           = {https://arxiv.org/abs/2307.13106},
	publisher     = {arXiv},
	copyright     = {Creative Commons Attribution 4.0 International}
}
@misc{tornberg2023b,
	author        = {Petter T{\"o}rnberg},
	title         = {ChatGPT-4 Outperforms Experts and Crowd Workers in Annotating Political Twitter Messages with Zero-Shot Learning},
	year          = 2023,
	doi           = {10.48550/arxiv.2304.06588},
	url           = {https://arxiv.org/abs/2304.06588},
	publisher     = {arXiv},
	copyright     = {Creative Commons Attribution 4.0 International}
}
@misc{vafa2020,
	author        = {Keyon Vafa and Suresh Naidu and David M. Blei},
	title         = {Text-Based Ideal Points},
	year          = 2020,
	eprint        = {2005.04232},
	archiveprefix = {arXiv},
	primaryclass  = {cs.CL},
	url           = {https://arxiv.org/abs/2005.04232}
}
@misc{wagner2024,
	author        = {Stefan Sylvius Wagner and Maike Behrendt and Marc Ziegele and Stefan Harmeling},
	title         = {The Power of LLM-Generated Synthetic Data for Stance Detection in Online Political Discussions},
	year          = 2024,
	doi           = {10.48550/arxiv.2406.12480},
	url           = {https://arxiv.org/abs/2406.12480},
	publisher     = {arXiv},
	copyright     = {Creative Commons Attribution 4.0 International}
}
@misc{wang2024,
	author        = {Yu Wang},
	title         = {LLMs in Political Science: Heralding a New Era of Visual Analysis},
	year          = 2024,
	doi           = {10.48550/arxiv.2403.00154},
	url           = {https://arxiv.org/abs/2403.00154},
	publisher     = {arXiv},
	copyright     = {Creative Commons Attribution 4.0 International}
}
@misc{wu2023,
	author        = {Patrick Y. Wu and Jonathan Nagler and Joshua A. Tucker and Solomon Messing},
	title         = {Large Language Models Can Be Used to Estimate the Latent Positions of Politicians},
	year          = 2023,
	doi           = {10.48550/arxiv.2303.12057},
	url           = {https://arxiv.org/abs/2303.12057},
	publisher     = {arXiv},
	copyright     = {arXiv.org perpetual, non-exclusive license}
}
@article{wu2024,
	author        = {Nicole Wu and Patrick Y. Wu},
	title         = {Surveying the Impact of Generative Artificial Intelligence on Political Science Education},
	year          = 2024,
	issn          = {1537-5935},
	url           = {http://dx.doi.org/10.1017/S1049096524000167},
	doi           = {10.1017/s1049096524000167},
	journal       = {PS: Political Science \& Politics},
	publisher     = {Cambridge University Press (CUP)},
	month         = aug,
	pages         = {1–8}
}
@misc{yang2024,
	author        = {Kaiqi Yang and Hang Li and Hongzhi Wen and Tai-Quan Peng and Jiliang Tang and Hui Liu},
	title         = {Are Large Language Models (LLMs) Good Social Predictors?},
	year          = 2024,
	doi           = {10.48550/arxiv.2402.12620},
	url           = {https://arxiv.org/abs/2402.12620},
	publisher     = {arXiv},
	copyright     = {Creative Commons Attribution 4.0 International}
}
